<?xml version="1.0" encoding="UTF-8"?><collection xmlns="http://www.loc.gov/MARC21/slim"><record><leader>00510nam--2200169-i-4500</leader><controlfield tag="001">000044008</controlfield><controlfield tag="002">20161230</controlfield><controlfield tag="005">20161230201044</controlfield><controlfield tag="008">060222s1000------------r-----000-0-eng-d</controlfield><datafield ind1=" " ind2=" " tag="040"><subfield code="a">IFIN-HH</subfield></datafield><datafield ind1=" " ind2=" " tag="080"><subfield code="a">536.2</subfield></datafield><datafield ind1="1" ind2=" " tag="100"><subfield code="a">Geiringer, Paul L</subfield></datafield><datafield ind1="1" ind2="0" tag="245"><subfield code="a">Handbook of heat transfer media</subfield><subfield code="b">Dedicated to the furtherance of high temperature fluid heating</subfield><subfield code="c">Paul l. geiringer</subfield></datafield><datafield ind1=" " ind2=" " tag="260"><subfield code="a">New York</subfield><subfield code="b">Reinhold Publishing Corporation</subfield><subfield code="c">1962</subfield></datafield><datafield ind1=" " ind2=" " tag="300"><subfield code="a">256P</subfield></datafield><datafield ind1=" " ind2=" " tag="852"><subfield code="a">19357</subfield><subfield code="c">536</subfield></datafield><datafield ind1=" " ind2=" " tag="CAT"><subfield code="a">Sys</subfield><subfield code="c">20110505</subfield><subfield code="h">153817</subfield></datafield></record></collection>